%% start of file `publications.bib'.
%% Copyright 2006-2012 Xavier Danaux (xdanaux at gmail.com).
%
% This work may be distributed and/or modified under the
% conditions of the LaTeX Project Public License version 1.3c,
% available at http://www.latex-project.org/lppl/.

@article{Manavalan_Bulitko_Spetch_2021,
  title={A Lightweight Algorithm for Procedural Generation of Emotionally Affected Behavior and Appearance},
  volume={11},
  url={https://ojs.aaai.org/index.php/AIIDE/article/view/12800},
  journal={Proceedings of the AAAI Conference on Artificial Intelligence and Interactive Digital Entertainment},
  author={Manavalan, Yathirajan and Bulitko, Vadim and Spetch, Marcia},
  year={2021},
  month={Jun.},
  pages={142-148}
  }

@InProceedings{10.1007/978-3-319-12337-0_26,
author="Manavalan, Yathirajan Brammadesam
and Bulitko, Vadim",
title="Appraisal of Emotions from Resources",
booktitle="Interactive Storytelling",
year="2014",
publisher="Springer International Publishing",
pages="224--227",
isbn="978-3-319-12337-0"
}




%% end of file `publications.bib'.
